<record><leader>00000cas a2200000 a 4500</leader><controlfield tag="001">36981670</controlfield><controlfield tag="008">970529d19561963nyuwr ne      0    0eng c</controlfield><datafield ind1=" " ind2=" " tag="010"><subfield code="a">sn 97063635 </subfield></datafield><datafield ind1=" " ind2=" " tag="040"><subfield code="a">NYS</subfield><subfield code="b">eng</subfield><subfield code="c">NYS</subfield><subfield code="d">OCLCQ</subfield><subfield code="d">OCLCF</subfield><subfield code="d">OCLCO</subfield></datafield><datafield ind1="1" ind2=" " tag="029"><subfield code="a">AU@</subfield><subfield code="b">000013446404</subfield></datafield><datafield ind1=" " ind2=" " tag="042"><subfield code="a">pcc</subfield></datafield><datafield ind1=" " ind2=" " tag="043"><subfield code="a">n-us-ny</subfield></datafield><datafield ind1="0" ind2=" " tag="130"><subfield code="a">Beacon (Hempstead, N.Y.)</subfield></datafield><datafield ind1="1" ind2="0" tag="245"><subfield code="a">Beacon.</subfield></datafield><datafield ind1="1" ind2="3" tag="246"><subfield code="a">Hempstead beacon</subfield></datafield><datafield ind1="1" ind2="3" tag="246"><subfield code="a">Hempstead edition of the beacon</subfield></datafield><datafield ind1=" " ind2=" " tag="250"><subfield code="a">Hempstead ed.</subfield></datafield><datafield ind1=" " ind2=" " tag="260"><subfield code="a">Hempstead, N.Y. :</subfield><subfield code="b">[Shiela Hoegl],</subfield><subfield code="c">-1963.</subfield></datafield><datafield ind1=" " ind2=" " tag="300"><subfield code="a">v. :</subfield><subfield code="b">ill.</subfield></datafield><datafield ind1=" " ind2=" " tag="310"><subfield code="a">Weekly</subfield></datafield><datafield ind1="1" ind2=" " tag="362"><subfield code="a">Began in 1956?</subfield></datafield><datafield ind1="0" ind2=" " tag="362"><subfield code="a">-v. 13, no. 24 (May 15, 1963).</subfield></datafield><datafield ind1=" " ind2=" " tag="500"><subfield code="a">Publisher: Nassau County Publications, &lt;1963&gt;.</subfield></datafield><datafield ind1=" " ind2=" " tag="500"><subfield code="a">Published weekly in the interests of the residents of Hempstead, West Hempstead, Hempstead Gardens, Lakeview, Malverne.</subfield></datafield><datafield ind1=" " ind2=" " tag="580"><subfield code="a">Other eds.: Beacon (East Meadow, N.Y.); West Hempstead beacon.</subfield></datafield><datafield ind1=" " ind2=" " tag="588"><subfield code="a">Description based on: Vol. 6, no. 25 (Apr. 12, 1956).</subfield></datafield><datafield ind1=" " ind2="0" tag="651"><subfield code="a">Hempstead (N.Y.)</subfield><subfield code="v">Newspapers.</subfield></datafield><datafield ind1=" " ind2="0" tag="651"><subfield code="a">Nassau County (N.Y.)</subfield><subfield code="v">Newspapers.</subfield></datafield><datafield ind1=" " ind2="7" tag="655"><subfield code="a">Newspapers.</subfield><subfield code="2">fast</subfield><subfield code="0">(OCoLC)fst01423814</subfield></datafield><datafield ind1=" " ind2="7" tag="651"><subfield code="a">New York (State)</subfield><subfield code="z">Hempstead.</subfield><subfield code="2">fast</subfield><subfield code="0">(OCoLC)fst01207201</subfield></datafield><datafield ind1=" " ind2="7" tag="651"><subfield code="a">New York (State)</subfield><subfield code="z">Nassau County.</subfield><subfield code="2">fast</subfield><subfield code="0">(OCoLC)fst01205518</subfield></datafield><datafield ind1=" " ind2=" " tag="752"><subfield code="a">United States</subfield><subfield code="b">New York</subfield><subfield code="c">Nassau</subfield><subfield code="d">Hempstead.</subfield></datafield><datafield ind1="1" ind2=" " tag="775"><subfield code="t">Beacon (East Meadow, N.Y.)</subfield><subfield code="w">(DLC)sn 94061038</subfield><subfield code="w">(OCoLC)31538702</subfield></datafield><datafield ind1="1" ind2=" " tag="775"><subfield code="t">West Hempstead beacon</subfield><subfield code="w">(DLC)sn 97063658</subfield><subfield code="w">(OCoLC)37297397</subfield></datafield><datafield ind1="0" ind2="0" tag="785"><subfield code="t">Hempstead beacon</subfield><subfield code="w">(DLC)sn 97063634</subfield><subfield code="w">(OCoLC)24783433</subfield></datafield></record>